@book{sipser2012,
  title={{Introduction to the Theory of Computation}},
  author={Sipser, M.},
  isbn={9781133187813},
  year={2012},
  publisher={Cengage Learning}
}

@article{kleene1956,
    author = {Kleene, S.C.} ,
    title = {{Representation of Events in Nerve Nets and Finite Automata}},
    journal = {{Automata Studies}},
    year = {1956},
    pages = {3-42},
    publisher = {{Princeton University Press}}
}